@BOOK{mackay2007,
   AUTHOR="Adrian Mackay",
   TITLE="Recruiting, Retaining and Releasing People",
   PUBLISHER="Butterworth-Heinemann",
   YEAR=2007
}

@BOOK{flato2006-Reinbold,
   AUTHOR="Ehrhard Flato, Silke Reinbold-Scheible",
   TITLE="Personalentwicklung",
   PUBLISHER="mi-Fachverlag",
   YEAR=2006
}

@BOOK{becker2005,
   AUTHOR="Manfred Becker",
   TITLE="Personalentwicklung",
   PUBLISHER="Schäfer-Poeschel Verlag Stuttgart",
   YEAR=2005
}

@BOOK{lindert2001,
   AUTHOR="Klaus Lindert",
   TITLE="Anreizsysteme und Unternehmenssteuerung",
   PUBLISHER="Rainer Hampp Verlag",
   YEAR=2001
}

@BOOK{riekhof2006,
   AUTHOR="Hans-Christian Riekhof",
   TITLE="Strategien der Personalentwicklung",
   PUBLISHER="Gabler Verlag",
   YEAR=2006,
   EDITION="6., Aufl."
}